% this is the bibliography file


@book{smith05,
	author = {James Smith and Ravi Nair},
	title = {Virtual Machines, Versatile Systems for Systems and Processes},
	year = {2005},
	language = {English},
	edition = {1},
	series = {The Morgan Kaufmann Series in Computer Architecture and Design},
	publisher = {Morgan Kaufmann},
	isbn = {978-1558609105},
}
